@misc{finnair_use_ibm,
  author =      "Jeannine Kilbride",
  title =       "Finnair Uses IBM Industry Expertise, Cloud and Services to Drive Digital Transformation, Support Expansion",
  note =        "[\url{ https://newsroom.ibm.com/2015-09-09-Finnair-Uses-IBM-Industry-Expertise-Cloud-and-Services-to-Drive-Digital-Transformation-Support-Expansion}, 9.10.2021]"
}

@misc{data_center_outsourcing,
  author =      "Vicky Wang",
  title =       "Data Center Outsourcing Trends Spike",
  note =        "[\url{ https://www.rahisystems.com/blog/data-center-outsourcing-trends-spike/}, 9.10.2021]"
}

@misc{serverless_computing,
  author =      "",
  title =       "What is serverless computing? Serverless definition",
  note =        "[\url{ https://www.cloudflare.com/learning/serverless/what-is-serverless/}, 9.10.2021]"
}

@misc{server_computing,
  author =      "Wikipedia",
  title =       "Server (computing).",
  note =        "[\url{ https://en.wikipedia.org/wiki/Server_(computing)}, 9.10.2021]"
}

@misc{server_room,
  author =      "Technopedia",
  title =       "What Does Server Room Mean?",
  note =        "[\url{ https://www.techopedia.com/definition/22017/server-room},9.10.2021]"
}

@misc{virtual_server,
  author =      "AVInetworks",
  title =       "Virtual Server Definition",
  note =        "[\url{ https://avinetworks.com/glossary/virtual-server/},9.10.2021]"
}

@misc{cloud_computing,
  author =      "Wikipedia",
  title =       "Cloud computing",
  note =        "[\url{ https://en.wikipedia.org/wiki/Cloud_computing},9.10.2021]"
}

@misc{dedicated_hosting,
  author =      "Wikipedia",
  title =       "Dedicated hosting service",
  note =        "[\url{ https://en.wikipedia.org/wiki/Dedicated_hosting_service},9.10.2021]"
}

@misc{service_availability,
  author =      "Joe Hertvik",
  title =       "Service Availability: Calculations and Metrics",
  note =        "[\url{ https://www.bmc.com/blogs/service-availability-calculation-metrics/},9.10.2021]"
}

@misc{software_service,
  author =      "Wikipedia",
  title =       "Software as a service",
  note =        "[\url{ https://en.wikipedia.org/wiki/Software_as_a_service},9.10.2021]"
}

@book{handbook,
    author    = "Raja Ramanathan",
    title     = "Handbook of Research on Architectural Trends in Service-Driven Computing (2 Volumes)",
    year      = "2014",
    publisher = "IGI Global",
    address   = "Pennsylvania"
}

@book{itil,
    author    = "ALEXOS",
    title     = "ITIL Foundation, ITIL 4 edition",
    year      = "2020",
    publisher = "The Stationery Office",
    address   = "London"
}

@misc{top_cloud,
  author =      "Mahesh Chand",
  title =       "Top 10 Cloud Service Providers In 2021",
  note =        "[\url{ https://www.c-sharpcorner.com/article/top-10-cloud-service-providers/},20.10.2021]"
}

@misc{itewiki,
  author =      "itewiki",
  title =       "Konesalipalveluiden tarjoajayritykset",
  note =        "[\url{ https://www.itewiki.fi/yritykset/konesalipalvelut},20.10.2021]"
}

@misc{tnnet,
  author =      "Lauri Aho-Pynttäri",
  title =       "Kannattaako konesalipalveluita ulkoistaa?",
  note =        "[\url{ https://www.tnnet.fi/blogi/kannattaako-konesalipalveluita-ulkoistaa/},20.10.2021]"
}

@misc{nurmijarvi,
  author =      "Nurmijärven kunnanhallitus",
  title =       "Konesali- ja kapasiteettipalveluiden hankinta",
  note =        "[\url{ https://nurmijarvi10.oncloudos.com/cgi/DREQUEST.PHP?page=meetingitem&id=2021196-5},20.10.2021]"
}

@book{adaptive,
    author    = "J. Li, M. Qiu, Y. Chen",
    title     = "Adaptive resource allocation for preemptable jobs in cloud systems",
    year      = "2020",
    pages     = "31-36"
}

@book{qualitymodel,
  author={Zhou, Ping and Wang, Zhipeng and Li, Wenjing and Jiang, Ning},
  booktitle={2015 IEEE 17th International Conference on High Performance Computing and Communications, 2015 IEEE 7th International Symposium on Cyberspace Safety and Security, and 2015 IEEE 12th International Conference on Embedded Software and Systems}, 
  title={Quality Model of Cloud Service}, 
  year={2015},
  volume={},
  number={},
  pages={1418-1423},
  doi={10.1109/HPCC-CSS-ICESS.2015.134}
}

@misc{iso25000,
  author =      "iso25000.com",
  title =       "The ISO/IEC 25000 series of standards",
  note =        "[\url{ http://iso25000.com/index.php/en/iso-25000-standards},30.11.2021]"
}

@misc{iso25010,
  author =      "iso.org",
  title =       "ISO/IEC 25010:2011(en) Systems and software engineering — Systems and software Quality Requirements and Evaluation (SQuaRE) — System and software quality models",
  note =        "[\url{ https://www.iso.org/obp/ui/#iso:std:iso-iec:25010:ed-1:v1:en},30.11.2021]"
}

@book{dictionary,
    author    = "Martin Weik",
    title     = "Computer Science and Communications Dictionary",
    year      = "2000",
    ISBN     = "978-0-7923-8425-0"
}

@book{pattern,
  author={Beckers, Kristian and Schmidt, Holger and Kuster, Jan-Christoph and Faßbender, Stephan},
  booktitle={2011 Sixth International Conference on Availability, Reliability and Security}, 
  title={Pattern-Based Support for Context Establishment and Asset Identification of the ISO 27000 in the Field of Cloud Computing}, 
  year={2011},
  volume={},
  number={},
  pages={327-333},
  doi={10.1109/ARES.2011.55}
}

@misc{iso27001,
  author =      "DNV",
  title =       "ISO/IEC 27001 - tietoturvallisuuden hallintajärjestelmä",
  note =        "[\url{ https://www.dnv.fi/services/iso-iec-27001-tietoturvallisuuden-hallintajarjestelma-3327},30.11.2021]"
}

@misc{iso14000,
  author =      "SFS",
  title =       "ISO 14000 Ympäristöjohtamisen standardisarja",
  note =        "[\url{ https://sfs.fi/standardeista/tutustu-standardeihin/suositut-standardit/iso-14000-ymparistojohtamisen-standardisarja/},30.11.2021]"
}

@article{borenstein2011cloud,
  title={Cloud computing standards: Where's the beef?},
  author={Borenstein, Nathaniel and Blake, James},
  journal={IEEE Internet Computing},
  volume={15},
  number={3},
  pages={74--78},
  year={2011},
  publisher={IEEE}
}

@misc{iso9001,
  author =      "DNV",
  title =       "ISO 9001 - Laadunhallinta",
  note =        "[\url{ https://www.dnv.fi/services/iso-9001-laadunhallinta--3283},30.11.2021]"
}